<record><leader>00000cas a22000007a 4500</leader><controlfield tag="001">225537568</controlfield><controlfield tag="008">080418c20089999vtumr ne      |   a0eng c</controlfield><datafield ind1=" " ind2=" " tag="010"><subfield code="a">  2008213478</subfield></datafield><datafield ind1=" " ind2=" " tag="040"><subfield code="a">NSD</subfield><subfield code="b">eng</subfield><subfield code="c">NSD</subfield><subfield code="d">NSD</subfield><subfield code="d">OCLCQ</subfield><subfield code="d">OCLCF</subfield><subfield code="d">OCLCO</subfield></datafield><datafield ind1=" " ind2=" " tag="012"><subfield code="l">1</subfield></datafield><datafield ind1="1" ind2=" " tag="022"><subfield code="a">1942-0943</subfield><subfield code="l">1942-0943</subfield><subfield code="2">1</subfield></datafield><datafield ind1=" " ind2=" " tag="037"><subfield code="b">Cabot Coalition, P.O. box 245, 3084 Main St., Cabot, VT 05647</subfield></datafield><datafield ind1=" " ind2=" " tag="042"><subfield code="a">nsdp</subfield><subfield code="a">msc</subfield></datafield><datafield ind1=" " ind2=" " tag="043"><subfield code="a">n-us-vt</subfield></datafield><datafield ind1="1" ind2="0" tag="050"><subfield code="a">ISSN RECORD</subfield></datafield><datafield ind1="0" ind2=" " tag="130"><subfield code="a">Cabot chronicle (Cabot, Vt.)</subfield></datafield><datafield ind1=" " ind2="4" tag="222"><subfield code="a">The Cabot chronicle</subfield><subfield code="b">(Cabot, Vt.)</subfield></datafield><datafield ind1="1" ind2="4" tag="245"><subfield code="a">The Cabot chronicle.</subfield></datafield><datafield ind1=" " ind2=" " tag="260"><subfield code="a">Cabot, VT :</subfield><subfield code="b">Cabot Coalition</subfield></datafield><datafield ind1=" " ind2=" " tag="310"><subfield code="a">Monthly</subfield></datafield><datafield ind1="1" ind2=" " tag="362"><subfield code="a">Began with vol. 1, no. 1 (Mar. 1, 2008).</subfield></datafield><datafield ind1=" " ind2=" " tag="588"><subfield code="a">Description based on first issue; title from caption.</subfield></datafield><datafield ind1=" " ind2=" " tag="588"><subfield code="a">Latest issue consulted: Vol. 1, no. 2 (Apr. 1, 2008).</subfield></datafield><datafield ind1=" " ind2="0" tag="651"><subfield code="a">Cabot (Vt.)</subfield><subfield code="v">Newspapers.</subfield></datafield><datafield ind1=" " ind2="7" tag="655"><subfield code="a">Newspapers.</subfield><subfield code="2">fast</subfield><subfield code="0">(OCoLC)fst01423814</subfield></datafield><datafield ind1=" " ind2="7" tag="651"><subfield code="a">Vermont</subfield><subfield code="z">Cabot.</subfield><subfield code="2">fast</subfield><subfield code="0">(OCoLC)fst01263261</subfield></datafield><datafield ind1="2" ind2=" " tag="710"><subfield code="a">Cabot Coalition.</subfield></datafield><datafield ind1=" " ind2=" " tag="752"><subfield code="a">United States</subfield><subfield code="b">Vermont</subfield><subfield code="d">Cabot.</subfield></datafield><datafield ind1="4" ind2="2" tag="856"><subfield code="u">http://www.cabotmedia.org/</subfield></datafield></record>